<?xml version="1.0" encoding="UTF-8"?><collection xmlns="http://www.loc.gov/MARC21/slim"><record><leader>00328nam--2200133-i-4500</leader><controlfield tag="001">000037849</controlfield><controlfield tag="002">20161230</controlfield><controlfield tag="005">20161230201041</controlfield><controlfield tag="008">060222s1000------------r-----000-0-eng-d</controlfield><datafield ind1=" " ind2=" " tag="080"><subfield code="a">537.87(075)</subfield></datafield><datafield ind1=" " ind2=" " tag="100"><subfield code="a">Raoult, G</subfield></datafield><datafield ind1=" " ind2=" " tag="245"><subfield code="a">Les ondes centimeriques</subfield></datafield><datafield ind1=" " ind2=" " tag="260"><subfield code="a">Paris, Masson Et C-ie, Edit., 1958, Vii + 401p</subfield></datafield><datafield ind1=" " ind2=" " tag="852"><subfield code="a">77166</subfield></datafield></record></collection>